<?xml version="1.0" encoding="UTF-8"?><collection xmlns="http://www.loc.gov/MARC21/slim"><record><leader>00357nam--2200145-i-4500</leader><controlfield tag="001">000043031</controlfield><controlfield tag="002">20161230</controlfield><controlfield tag="005">20161230201043</controlfield><controlfield tag="008">060222s1000------------r-----000-0-eng-d</controlfield><datafield ind1=" " ind2=" " tag="080"><subfield code="a">541.11</subfield></datafield><datafield ind1=" " ind2=" " tag="100"><subfield code="a">Stolze,Felix</subfield></datafield><datafield ind1=" " ind2=" " tag="245"><subfield code="a">Kinetik der termische dissoziation von zinkoxid</subfield></datafield><datafield ind1=" " ind2=" " tag="260"><subfield code="a">Berlin, Univ.,1969. 94 P</subfield></datafield><datafield ind1=" " ind2=" " tag="490"><subfield code="a">Dissertation</subfield></datafield><datafield ind1=" " ind2=" " tag="852"><subfield code="a">32020</subfield></datafield></record></collection>